
@Misc{Gabriele2020,
	author	= {Gabriele De Luca},
	howpublished = {[Online]},
	note	= {\url{https://www.baeldung.com/cs/ml-policy-reinforcement-learning}},
	title	= {What is a Policy in Reinforcement Learning?},
	date	= {2020-08-09}
}

@Misc{Loevenich2021,
	author	= {Johannes Loevenich},
	note	= {Accessed April 28, 2022. 
	  \url{http://www-materials.eng.cam.ac.uk/mpsite/interactive/_charts/stiffness-cost/basic.html}},
	title	= {Policy Types in Reinforcement Learning},
	date	= {2021-12-16},
}

@article{MCREYNOLDS1967565,
title = {The successive sweep method and dynamic programming},
journal = {Journal of Mathematical Analysis and Applications},
volume = {19},
number = {3},
pages = {565-598},
year = {1967},
issn = {0022-247X},
doi = {https://doi.org/10.1016/0022-247X(67)90012-1},
url = {https://www.sciencedirect.com/science/article/pii/0022247X67900121},
author = {Stephen R McReynolds}
}

@Misc{ODSC2020,
	author	= {ODSC Community},
	howpublished = {[Online]},
	note	= {\url{https://opendatascience.com/understanding-the-temporal-difference-learning-and-its-predication/}},
	title	= {Understanding the Temporal Difference Learning and its Predication},
	date	= {2020-11-12}
}

@Misc{Sagar2020,
	author	= {Ram Sagar},
	note	= {Accessed April 28, 2022. 
	  \url{https://analyticsindiamag.com/reinforcement-learning-policy/}},
	title	= {On-Policy VS Off-Policy Reinforcement Learning},
	date	= {2020-04-11},
}

@Misc{silver2015,
	author = {David Silver},
	title = {Lectures on Reinforcement Learning},
	howpublished = {\textsc{url:}~\url{https://www.davidsilver.uk/teaching/}},
	year = {2015}
}

@book{Steenrod1951,
    Author = {Steenrod, N.E.},
    Publisher = {Princeton Univ. Press},
    Title = {The topology of fibre bundles},
    Year = {1951}
}

@book{Sutton1998,
    Author = {Sutton, R.S. and Barto, A.G.},
    Publisher = {MIT Press, Cambridge, MA},
    Title = {Reinforcement Learning: An Introduction},
    Year = {1998}
}

@Misc{YZhang2020,
	author	= {yzhang},
	howpublished = {[Online]},
	note	= {\url{https://yzhang1918.github.io/posts/sac/}},
	title	= {Soft Policy Iteration},
	date	= {2020-01-02}
}
